

,-------------------.
|     PREAMBLE      |
`-------------------'

@preamble{ "\providecommand{\noopsort}[1]{}
           \providecommand{\singleletter}[1]{#1} "
}

,-------------------.
|  BIBTEX ENTRIES   |
`-------------------'

@article{carroll&samwick:nature,
  author =        {Carroll, Christopher D. and Samwick, Andrew A.},
  journal =       {Journal of Monetary Economics},
  number =        {1},
  pages =         {41--71},
  title =         {The {N}ature of {P}recautionary {W}ealth},
  volume =        {40},
  year =          {1997},
  url =           {http://econ.jhu.edu/people/ccarroll/papers/nature.pdf},
}

