@article{blanchardFinite,
author = {Blanchard, Olivier J.},
title = {Debt, Deficits, and Finite Horizons},
journal = {Journal of Political Economy},
volume = {93},
number = {2},
pages = {223--247},
year = {1985}
}

@techreport{PeerEvidence,
  author = {De Giorgi, Giacomo and Frederiksen, Anders and Pistaferri, Luigi},
  title = {Consumption Network Effects},
  institution = {NBER},
  year = {2016},
  number = {22357},
  type = {Working paper}
}

@article{VacancyNet,
author = {Calvo-Armengol, Antoni and Jackson, Matthew O.},
title = {The Effects of Social Networks on Employment and Inequality},
journal = {American Economic Review},
volume = {94},
number = {3},
pages = {426--454},
year = {2004}
}

@techreport{StickyE,
  author = {Carroll, Christopher D. and Crawley, Edmund and Slacalek, Jiri and Tokuoka, Kiichi and White, Matthew},
  title = {Sticky Expectations and Consumption Dynamics},
  institution = {NBER},
  year = {2018},
  number = {24377},
  type = {Working paper}
}

@article{Stability,
author = {Chen, Shu-Heng and Chang, Chia-Ling and Wen, Ming-Chang},
title = {Social Networks and Macroeconomic Stability},
journal = {Economics The Open-Access, Open-Assessment E-Journal},
volume = {8},
pages = {1-40},
year = {2014}
}

@BOOK{Veblen1899,
title = {The Theory of the Leisure Class: An Economic Study in the Evolution of Institutions},
author = {Veblen, Thorstein},
year = {1899},
publisher={New York: B. W. Huebsch},
}

@article{Veblen1996,
author = {Bagwell, Laurie S. and Bernheim, B. Douglas},
title = {Veblen effects in a theory of conspicuous consumption},
journal = {American Economic Review},
volume = {86},
number = {3},
pages = {349--373},
year = {1996}
}

@article{GaliKeep,
author = {Gali, Jordi},
title = {Keeping up with the Joneses: Consumption Externalities, Portfolio Choice, and Asset Prices},
journal = {Journal of Money, Credit and Banking},
volume = {26},
number = {1},
pages = {1--8},
year = {1994}
}

@techreport{Facebook,
  author = {Bailey, Michael C. and Cao, Ruiqing and Kuchler, Theresa and Stroebel, Johannes},
  title = {Social networks and housing markets},
  institution = {NBER},
  year = {2016},
  number = {22258},
  type = {Working paper}
}

@article{blanchardFinite,
author = {Blanchard, Olivier J.},
title = {Debt, Deficits, and Finite Horizons},
journal = {Journal of Political Economy},
volume = {93},
number = {2},
pages = {223--247},
year = {1985}
}

@article{MicroStructure,
author = {Jackson, Matthew O. and Rogers, Brian W.},
title = {Relating Network Structure to Diffusion Properties through Stochastic Dominance},
journal = {The B.E. Journal of Theoretical Economics},
volume = {7},
number = {1},
pages = {1935--1704},
year = {2007}
}

@article{MicroSurvey,
author = {Jackson, Matthew O. and Rogers, Brian W. and Zenou, Yves},
title = {The Economic Consequences of Social Network Structure},
journal = {Journal of Economic Literature},
volume = {55},
number = {1},
pages = {49--95},
year = {2017}
}

@article{Granovetter1973,
author = {Granovetter,Mark S.},
title = {The Strength of Weak Ties},
journal = {The American Journal of Sociology},
volume = {78},
number = {6},
pages = {1360--1380},
year = {1973}
}

@article{EndogNet,
author = {Delli Gatti, Domenico and Gallegati, Mauro and Greenwald, Bruce and Russo, Alberto and Stiglitz, Joseph E.},
title = {The financial accelerator in an evolving credit network},
journal = {Journal of Economic Dynamics and Control},
volume = {34},
number = {9},
pages = {1627--1650},
year = {2010}
}

@article{ConsumptionManage,
author = {Wang, Ruxian and Wang, Zizhuo},
title = {Consumer Choice Models with Endogenous Network Effects},
journal = {Management Science},
volume = {63},
number = {11},
pages = {3944-3960},
year = {2017}
}

@article{HerdOrigin,
author = {Banerjee, Abhijit V.},
title = {Multidimensional Uncertainty and Herd Behavior in Financial Markets},
journal = {The Quarterly Journal of Economics},
volume = {107},
number = {3},
pages = {797-817},
year = {1992}
}

@article{HerdUncertain,
author = {Avery, Christopher and Zemsky, Peter},
title = {Multidimensional Uncertainty and Herd Behavior in Financial Markets},
journal = {The American Economic Review},
volume = {88},
number = {4},
pages = {724-748},
year = {1998}
}

@article{Hall1978,
author = {Hall,Robert E.},
title = {Stochastic Implications of the Life Cycle-Permanent Income Hypothesis: Theory and Evidence},
journal = {Journal of Political Economy},
volume = {86},
number = {6},
pages = {971-987},
year = {1978}
}

@techreport{BufferTheory,
  author = {Carroll, Christopher D.},
  title = {Theoretical Foundations of Buffer Stock Saving},
  institution = {Department of Economics, Johns Hopkins University},
  year = {2016},
  type = {manuscript},
  url = {http://econ.jhu.edu/people/ccarroll/papers/BufferStockTheory}
}

@techreport{ShockStd1,
  author = {McGrattan Ellen R. and Kehoe, Patrick and Chari, V. V.},
  title = {A Critique of Structural VARs Using Real Business Cycle Theory},
  institution = {Federal Reserve of Minneapolis},
  year = {2005},
  number = {631},
  type = {Working paper}
}

@article{ShockStd2,
author = {Boldrin, Michele and Christiano, and Lawrence J. and Fisher, Jonas D.},
title = {Habit Persistence, Asset Returns and the Business Cycle},
journal = {American Economic Review},
volume = {91},
number = {1},
pages = {149-66},
year = {2001}
}

@article{ShockStd2,
author = {Boldrin, Michele and Christiano, Lawrence J. and Fisher, Jonas D.},
title = {Habit Persistence, Asset Returns and the Business Cycle},
journal = {American Economic Review},
volume = {91},
number = {1},
pages = {149-66},
year = {2001}
}

@article{ShockStd3,
author = {Jermann, Urban J.},
title = {Asset Pricing in Production Economies},
journal = {Journal of Monetary Economics},
volume = {42},
number = {2},
pages = {257-75},
year = {1998}
}

@article{MicroShockStd1,
author = {Carroll, Christopher D. and Samwick Andrew},
title = {The Nature of Precautionary Wealth},
journal = {Journal of Monetary Economics},
volume = {40},
number = {1},
pages = {41-71},
year = {1997}
}

@article{MicroShockStd2,
author = {Storesletten, Kjetil and Telmer, Chris I. and Yaron, Amir},
title = {Consumption and Risk Sharing Over the Life Cycle},
journal = {Journal of Monetary Economics},
volume = {51},
number = {3},
pages = {609-633},
year = {2004}
}

@article{MicroShockStd3,
author = {Low, Hamish and Meghir, Costas and Pistaerri, Luigi},
title = {Wage Risk and Employment Over the Life Cycle},
journal = {Journal of Monetary Economics},
volume = {100},
number = {4},
pages = {1432-1467},
year = {2010}
}

@techreport{MicroShockStd4,
  author = {Nielsen, Helena Skyt and Annette Vissing-Jorgensen},
  title = {The Impact of Labor Income Risk on Educational Choices: Estimates and Implied Risk Aversion},
  year = {2006},
  type = {manuscript},
}

@article{Carroll2003,
author = {Carroll, Christopher D.},
title = {Macroeconomic Expectations of Households and Professional Forecasters},
journal = {Quarterly Journal of Economics},
volume = {118},
number = {1},
pages = {269--298},
year = {2003}
}

@article{EvidenceSlugg,
author = {Havranek, Tomas and Rusnak, Marek and Sokolova, Anna},
title = {Habit formation in consumption: A meta-analysis},
journal = {European Economic Review},
volume = {95},
number = {1},
pages = {142--167},
year = {2017}
}

@BOOK{FaultLines,
title = {Fault Lines: How Hidden Fractures Still Threaten the World Economy},
author = {Rajan, Raghuram},
year = {2010},
publisher={Princeton University Press},
}

@techreport{IMFReport,
  author = {Kumhof, Michael and Ranciere, Romain and Winant, Pablo},
  title = {Inequality, Leverage and Crises: The Case of Endogenous Default},
  institution = {IMF},
  year = {2013},
  number = {WP-13-249},
  type = {Working paper}
}

@article{Trickle,
author = {Bertrand, Marianne and Morse, Adair},
title = {Trickle-Down Consumption},
journal = {Review of Economics and Statistics},
volume = {98},
number = {5},
pages = {863--879},
year = {2016}
}

@techreport{ResidentialEvidence,
  author = {Pangallo, Marco and Nadal, Jean Pierre and Vignes, Annick},
  title = {Residential income segregation: a behavioral model of the housing market},
  institution = {arXiv},
  year = {2016},
  number = {1606.00424v2},
  type = {[q-fin.EC]}
}

@techreport{BrookingsEvidence,
  author = {Sharkey, Patrick},
  title = {Rich Neighborhood, Poor Neighborhood: How Segregation Threatens Social Mobility},
  institution = {Brookings Institution},
  year = {2013},
  url ={https://www.brookings.edu/blog/social-mobility-memos/2013/12/05/rich-neighborhood-poor-neighborhood-how-segregation-threatens-social-mobility/}
}

@techreport{SurveyData,
  author = {Bhandari, Anmol and Borovicka, Jaroslav and Ho, Paul},
  title = {Survey data and subjective beliefs in business cycle models},
  institution = {NBER},
  year = {2017},
  number = {22225},
  type = {Working paper}
}

@article{InflationEvid,
author = {Roberts, John M.},
title = {Is inflation sticky?},
journal = {Journal of Monetary Economics},
volume = {39},
number = {2},
pages = {173--196},
year = {1997}
}